4675 5909
699 437 776 511 ιφ
1104 397 1612 496 SALLUSTIL

694 533 852 606 liantibus
872 529 1016 601 aderant.
1037 524 1227 621 Exploratis
1250 521 1432 602 omnibus,
1456 545 1532 614 que
1556 541 1639 593 mox
1658 515 1730 594 usui
1749 519 1822 595 sote
1835 522 1998 614 ducebat,

695 630 818 699 eodem
833 625 1040 723 regreditur,
1059 646 1127 692 non
1142 618 1267 689 temere
1278 664 1289 702 ,
1301 639 1339 687 ut
1351 616 1543 697 ascenderat
1556 673 1568 701 ,
1581 619 1638 689 sed
1657 639 1784 693 tentans
1801 624 1936 705 omnia,
1960 632 1997 697 δι

696 721 975 817 circumspiciens.
993 722 1110 804 Itaque
1123 715 1268 785 Marium
1283 734 1344 806 pro
1369 710 1505 785 ereadit
1518 738 1527 780 a
1539 715 1606 784 acia
1620 715 1761 788 edocet:
1776 716 1942 800 hortatur,
1955 719 1998 792 ab

695 817 733 886 ed
747 841 836 914 parte
848 867 858 898 ,
871 813 935 906 qus
955 810 1024 904 ipse
1037 808 1277 889 descenderat,
1299 734 1466 880 cassellum
1480 823 1603 880 tentet:
1619 811 1795 901 pollicetur
1809 810 1875 881 sese
1898 812 2005 883 itine-⁸

649 919 667 992 5
695 914 737 982 ris
752 912 955 1005 periculique
967 908 1100 986 ducem.
1114 894 1240 975 Maride
1257 925 1335 973 cuna
1347 904 1469 1064 Ligure
1484 903 1636 996 promissa
1649 911 1720 994 ejus
1742 908 1939 1001 cognitum²
1952 931 1996 987 etr

692 1005 904 1096 presentibus
916 1001 1002 1071 misit
1014 1029 1022 1069 z
1035 1023 1201 1092 quorum,
1216 1004 1226 1041 ¹
1243 995 1294 1066 uti
1308 999 1379 1087 cuju
1396 1021 1464 1089 que
1477 999 1647 1093 ingenium
1660 1022 1748 1082 erat,
1761 1001 1805 1074 ita
1821 1025 1891 1072 rem
1903 1003 2001 1080 diffie

691 1101 805 1180 silem,
819 1122 874 1168 aut
885 1097 1018 1181 facilem
1030 1093 1275 1164 renunciavdte.
1288 1092 1443 1162 Consulis
1456 1095 1584 1165 animus
1595 1117 1703 1165 tamen
1716 1096 1898 1190 paullulum
1907 1123 1996 1170 arte·

690 1194 772 1264 etus.
785 1198 903 1284 ltaque
916 1215 956 1258 ex
970 1191 1065 1284 copia
1079 1190 1277 1270 tubicinum,
1291 1198 1324 1259 δι
1334 1187 1541 1263 cornicinum
1554 1240 1565 1273 ,
1577 1194 1728 1284 quinque
1738 1214 1882 1263 numero
1891 1197 1994 1286 quim

690 1284 923 1356 velocissumos
933 1284 1083 1380 delegit,
1102 1284 1302 1369 decumbit,
1315 1290 1329 1330 ²
1343 1280 1494 1377 praefidio
1502 1285 1562 1378 qui
1572 1285 1683 1356 forent
1695 1335 1706 1369 ,
1719 1310 1865 1381 quatuor
1877 1314 1996 1362 centu·

625 1390 675 1442 10
691 1376 1004 1472 tionessomnilqne
1023 1381 1137 1474 Liguri
1155 1402 1270 1474 parere
1285 1379 1444 1469 jubete&
1459 1386 1469 1426 ³
1489 1383 1521 1450 ei
1533 1383 1674 1477 negotio
1685 1405 1886 1477 proxumum
1897 1386 1995 1460 client

692 1475 873 1547 constituit.
885 1476 952 1546 Sed
967 1476 1022 1544 ubi
1036 1499 1075 1545 ex
1088 1498 1260 1570 praecepto
1274 1495 1405 1568 tempus
1425 1472 1534 1544 visum
1547 1499 1556 1556 3
1570 1478 1686 1571 paratis
1700 1532 1711 1558 ,
1732 1479 1992 1574 compolitilquo

688 1571 868 1652 omnibus,
881 1573 921 1642 ad
945 1575 1057 1641 locum
1072 1572 1194 1666 pergit.
1215 1568 1385 1643 Caeterum
1396 1568 1442 1638 illi
1453 1617 1464 1652 ,
1476 1572 1536 1662 qui
1547 1571 1701 1641 centuriis
1711 1594 1871 1667 praeerant
1883 1626 1894 1659 ,
1907 1600 1994 1669 prae-

631 1663 640 1678 “
687 1666 782 1737 dosii
795 1668 835 1736 ab
848 1673 865 1715 ⁴
878 1667 985 1749 duce,
1007 1691 1116 1750 arma,
1128 1680 1349 1759 ornatumque
1362 1685 1589 1749 mutaverant,
1602 1671 1704 1760 capite
1714 1720 1726 1748 ,
1738 1690 1768 1739 at
1794 1693 1836 1740 ue
1849 1672 1989 1764 pedibus

686 1763 870 1847 nudis,uti
890 1768 899 1811 ⁵
924 1759 1115 1856 prospestus
1129 1816 1140 1844 ,
1153 1760 1306 1855 nisusque
1328 1785 1386 1856 per
1406 1754 1478 1831 saxa
1495 1758 1627 1840 sac'iliias
1642 1762 1729 1833 foret
1749 1694 1873 1860 :super
1895 1786 1990 1860 terga

621 1879 638 1932 1
654 1880 668 1947 ς
688 1859 811 1949 gladii,
830 1865 862 1926 &
877 1855 989 1935 scutar
1009 1857 1124 1925 verbm
1136 1881 1173 1926 ea
1185 1856 1388 1942 Numidica,
1410 1877 1451 1927 ex
1463 1859 1584 1939 coriis,
1604 1858 1619 1898 ⁶
1636 1857 1788 1951 ponderis
1802 1860 1923 1955 gratis:
1947 1862 1990 1933 st·

688 1956 759 2022 mul
772 1958 831 2021 &⁷
846 1948 970 2022 offensa
986 1953 1057 2044 quo
1070 1950 1383 2049 lenibsstteperent.
1398 1951 1506 2045 Igitur
1525 1953 1746 2048 praegrediens
1759 1955 1880 2049 Ligus,
1894 1954 1990 2040 saxa,

687 2055 722 2118 δι
738 2047 848 2141 saquae
862 2045 1021 2119 vetustate
1035 2046 1157 2120 radices
1169 2049 1357 2119 eminebant
1370 2048 1491 2139 laqueis
1506 2048 1696 2131 vinciebat,
1717 2049 1837 2144 quibus
1855 2053 1989 2125 allevati
2075 2058 2080 2068 '

684 2147 808 2238 milites
827 2141 953 2211 facilius
966 2136 1218 2212 adscenderent:
1230 2144 1399 2217 interdum
1409 2141 1544 2222 timidos
1557 2144 1731 2215 insolentie
1742 2146 1870 2216 itineris
1880 2147 1990 2222 levate

685 2262 808 2308 manu:
824 2237 884 2308 ubi
895 2236 1007 2332 paullo
1022 2232 1163 2327 asperior
1175 2237 1347 2309 adscensus
1359 2238 1464 2322 erat,
1483 2235 1627 2332 singulos
1638 2262 1702 2334 prae
1712 2239 1743 2307 se
1758 2241 1991 2312 inermos‘mit·

620 2356 668 2412 to
688 2355 780 2411 teret
796 2331 873 2401 dein
888 2328 955 2423 ipse
968 2351 1046 2399 cum
1061 2331 1303 2426 illoturnarmis
1316 2333 1411 2425 sequi
1422 2360 1430 2401 ι
1443 2358 1519 2428 quae
1529 2334 1542 2375 ⁸
1554 2333 1658 2410 dubia
1671 2332 1757 2404 nisui
1772 2331 1991 2426 videbantur,

686 2425 1053 2524 potissumitmtentaret
1074 2447 1109 2492 ac
1122 2424 1236 2520 saepius
1246 2427 1361 2495 eadem
1381 2426 1601 2509 adscendens,
1621 2453 1658 2498 ac
1670 2429 1874 2500 descendens
1886 2479 1897 2511 ,
1909 2431 1988 2501 dein

668 2525 792 2596 ,statim
804 2528 820 2568 ⁹
831 2518 1029 2614 digrediens,
1043 2521 1170 2589 caeteris
1183 2519 1348 2592 audaciam
1360 2520 1495 2594 addere.
1506 2523 1612 2614 Igitur
1625 2523 1704 2602 diu,
1714 2524 1930 2613 multumque
1939 2523 1989 2594 fa.

683 2621 801 2713 rigati,
826 2614 959 2686 tandem
973 2616 1007 2684 in
1026 2611 1197 2683 castellum
1214 2616 1411 2708 perveniunt
1429 2668 1439 2695 ,
1457 2612 1625 2688 desertum
1640 2614 1683 2683 ab
1698 2638 1735 2682 ea
1750 2635 1867 2707 partes
1887 2616 1984 2709 quod

685 2735 821 2792 omnes,
846 2708 926 2782 licut
946 2710 1014 2782 aliis
1036 2708 1174 2792 diebus,
1195 2708 1499 2781 advorsum.ltostes
1521 2708 1669 2788 aderant.
1692 2709 1840 2794 Marius,
1860 2710 1919 2780 ubi
1943 2729 1990 2796 etr

620 2811 668 2881 ιι
687 2809 842 2892 nunciis,
863 2828 938 2899 quat
960 2807 1065 2901 Ligus
1086 2825 1220 2897 egerat,
1238 2803 1422 2902 cognovit,
1442 2827 1645 2900 quamquam
1665 2800 1819 2880 toto'die
1841 2807 1988 2888 intentet

997 2993 1651 3072 INTERPRETATIO.

682 3183 863 3346 &gude
884 3180 959 3276 aare
977 3177 1341 3268 quosdamerusmue
1354 3203 1418 3248 cum
1437 3181 1551 3264 ugus,
1570 3129 1833 3268 arenosorum
1844 3180 1982 3278 pompa

1218 3370 1457 3440 NOTAE·

591 3540 595 3546 ’
698 3550 942 3635 tvtlerrjusqtoe,]
960 3547 1035 3609 Istud
1048 3547 1312 3628 diligentetnotan·
1353 3544 1442 3605 modo
1453 3563 1540 3625 captat
1549 3545 1713 3607 obvelatum
1724 3543 1892 3616 habuissent.
1902 3550 1980 3616 vieni

679 3634 749 3695 dum
760 3681 770 3707 ,
782 3654 812 3694 ut
823 3636 942 3712 cuique,
957 3651 1015 3688 non
1028 3626 1179 3688 secundum
1193 3627 1223 3684 id
1234 3625 1313 3708 quod
1352 3629 1382 3686 in
1390 3623 1567 3685 ascendendo
1584 3628 1703 3694 videre,
1715 3626 1760 3687 vel
1777 3624 1826 3686 dis
1841 3630 1912 3690 icere
1923 3651 1984 3702 nort

679 3714 841 3855 {legitema
850 3712 967 3806 sonant,
980 3708 1149 3848 sedfippdolpp
1165 3711 1189 3845 pp
1207 3707 1313 3789 ingenii
1353 3704 1487 3845 lipuiflsep3
1497 3703 1544 3765 sed
1554 3707 1685 3786 virgultis
1697 3711 1723 3771 α
1736 3649 1879 3768 eadredus
1889 3708 1988 3792 impii-2

695 3813 711 3850 a
788 3816 810 3852 ae
837 3811 997 3859 imatione,
1061 3808 1106 3846 ern
1148 3806 1311 3847 aeantust
1352 3805 1402 3846 ctu
1426 3808 1452 3845 ut
1475 3805 1529 3845 ent.

680 3869 773 3941 Quod
786 3870 837 3931 nist
851 3871 902 3941 lit,
916 3869 1010 3950 sapius
1030 3873 1060 3927 in
1073 3868 1201 3927 fraudem
1211 3912 1220 3937 ,
1232 3874 1257 3932 dt
1268 3889 1310 3927 et·
1375 3865 1562 3945 tenderis]
1586 3868 1618 3938 1d
1631 3866 1688 3935 est,
1701 3867 1946 3949 utlerrioraeffmt.

679 3970 797 4021 torem,
823 3974 883 4012 non
902 3952 992 4033 magis
1010 3948 1100 4011 aliena
1112 3967 1200 4028 quam
1218 3946 1310 4018 nolit-i
1373 3968 1386 4017 7
1409 3941 1551 4026 Offensa]
1569 3952 1681 4014 Ferrum
1701 3949 1778 4006 enirn
1789 3949 1867 4026 quod
1880 3949 1910 4006 in
1922 3965 1984 4018 uns

680 4027 764 4112 culpi
775 4033 940 4093 incidemus.
1351 4027 1427 4086 bone
1439 4024 1583 4085 scutorum
1594 4031 1785 4085 Romanorum
1795 4044 1864 4096 etat,
1877 4024 1979 4098 sonum

685 4111 884 4191 ›21’raefidio.]
901 4111 1000 4179 idest,
1016 4111 1127 4192 quirem
1137 4104 1226 4187 ipsam
1236 4125 1305 4165 exe·
1347 4105 1522 4176 reddidisset,
1535 4104 1600 4174 step
1619 4106 1656 4162 ad
1667 4095 1761 4163 saxum
1772 4102 1850 4176 allisa
1861 4102 1958 4166 essent.

729 4190 865 4252 retitur&
880 4206 1036 4252 tuerentur:
1057 4192 1160 4272 quippe
1180 4189 1305 4257 centurio
1369 4194 1384 4243 8
1400 4184 1492 4245 Dubia
1505 4181 1605 4264 nistre]
1626 4183 1657 4242 ld
1673 4181 1727 4249 est,
1738 4182 1808 4264 quo,
1828 4187 1858 4241 in
1875 4182 1981 4266 ascensa

676 4208 744 4336 m
756 4266 876 4346 quisque
888 4271 1109 4332 militeshabuit.
1349 4264 1447 4348 'nferre
1463 4260 1583 4347 pedem,
1603 4264 1673 4341 fictir
1692 4275 1785 4323 summ
1802 4280 1855 4322 nort
1864 4262 1982 4333 videbo-l

700 4353 761 4424 3131·
768 4344 899 4426 negorio]
912 4350 1054 4409 Nondicit
1065 4360 1153 4414 duros
1162 4349 1307 4434 quodnam
1347 4360 1409 4414 turs
1432 4344 1494 4405 caim
1518 4342 1620 4408 lasum
1631 4340 1755 4403 solutum
1773 4360 1852 4412 etat,
1868 4363 1917 4414 aut
1935 4345 1981 4418 le,

681 4430 752 4500 illud
764 4428 795 4490 stt
808 4451 818 4494 s
836 4425 931 4484 vestim
940 4426 975 4483 de
984 4429 1086 4514 pastelli
1100 4434 1308 4520 expugnatione
1348 4428 1416 4490 bans
1427 4469 1437 4514 7
1448 4433 1497 4484 &c-

679 4507 838 4576 sermonem
848 4501 901 4568 elle
910 4502 974 4564 satis
985 4507 1157 4586 intelligitur.
1367 4531 1384 4580 9
1397 4502 1587 4584 agrediens]
1606 4504 1660 4564 tlle‘
1672 4547 1683 4574 ,
1707 4522 1740 4565 ut
1752 4504 1792 4565 itas
1810 4503 1921 4576 diem,
1933 4504 1980 4574 lue*

685 4588 836 4668 μασι]
850 4597 960 4665 lagare,
980 4579 1094 4643 scilicet.
1351 4587 1493 4646 dibundus
1503 4589 1526 4642 u
1537 4583 1714 4654 saltabuodus
1723 4604 1810 4666 persa
1823 4585 1906 4666 loca,
1919 4588 1981 4678 φὴ

698 4667 891 4773 gsmspeslus.
906 4667 923 4752 ]
941 4665 1090 4760 emico
1108 4665 1165 4728 illis
1184 4709 1195 4752 ,
1212 4667 1234 4748 si
1253 4669 1313 4752 ullo
1351 4666 1413 4730 aliis
1424 4666 1689 4756 otmundum,
1702 4664 1859 4744 incedebat,
1931 4683 1937 4696 '
