4675 5909
607 438 699 513 DE
748 433 889 509 REP.
946 430 1410 505 ottnrttnttun.
1576 454 1653 519 ιι,

360 538 543 613 incivitate
554 539 566 579 ¹
579 533 711 607 secessio
724 533 789 605 luit
802 533 1021 624 :semperque
1033 525 1214 596 nobilitatis
1231 524 1605 621 operdeminutaesunt,
1622 539 1657 604 dt

357 642 411 725 jus
424 635 541 731 populi
554 632 803 727 amplificatum.
824 626 888 697 Sed
900 623 1010 721 plebes
1029 645 1070 691 eo
1082 618 1187 689 libere
1196 623 1336 714 agitabat
1348 675 1359 706 ,
1372 628 1445 715 quia
1458 624 1578 693 nullius
1597 650 1660 720 po.

361 732 463 801 tentia
473 729 668 831 superleges
681 746 750 795 erat
762 744 772 800 3
785 744 896 811 neque
909 717 1039 789 divitiis
1052 767 1063 801 ,
1074 737 1131 785 aut
1143 713 1294 808 superbis
1310 722 1381 803 ,led
1391 720 1479 789 boni
1491 718 1574 793 fana
1586 721 1627 806 ,f
1643 772 1660 785 .

360 825 488 915 &isque
511 823 653 894 sortibus
684 820 802 890 nobilis
829 816 1012 910 ignobilem
1049 811 1218 882 anteibat:
1249 812 1438 884 humilimus
1462 818 1606 910 quisque
1627 829 1659 900 in

362 922 500 1002 armis,
517 940 572 988 aut
585 916 725 995 militia,
748 914 871 984 nullius
891 908 1037 980 honestae
1056 909 1104 987 rei
1115 928 1231 1001 egens,
1250 904 1323 977 satis
1344 906 1424 986 fibi,
1445 907 1583 1001 satisque
1605 944 1646 1014 pa
1682 954 1704 1025 ἱ,

361 1016 432 1086 trie
451 1034 528 1083 crat.
555 1011 643 1094 Sed,
666 1010 724 1079 ubi
741 1032 797 1078 eos
820 1006 985 1100 paullatim
997 1002 1148 1096 expulsos
1162 1003 1265 1095 agris,
1278 1004 1416 1088 inertia,
1437 1022 1536 1094 atque
1549 1009 1659 1109 inopit

361 1110 499 1179 incertas
508 1107 628 1176 domos
640 1107 761 1177 babere
778 1102 926 1196 subegit:
948 1097 1077 1192 coepdre
1097 1097 1434 1191 alienasopespetere
1453 1098 1662 1181 ,libertatem

360 1205 451 1273 suam
465 1227 540 1274 cum
551 1201 725 1294 republica
736 1201 884 1270 venalem
897 1195 1029 1264 babere.
1041 1197 1091 1262 Ita
1109 1191 1277 1287 paullatim
1293 1197 1436 1286 populus
1455 1243 1466 1276 ,
1480 1196 1540 1283 qui
1553 1196 1663 1272 domi-

360 1319 423 1367 nus
437 1318 525 1383 erat,
539 1305 572 1368 &
584 1296 707 1366 tundis
728 1294 880 1391 gentibus
902 1290 1123 1385 imperitabat,
1135 1282 1277 1381 dilapsus
1289 1284 1352 1359 est:
1368 1296 1399 1358 δι
1412 1311 1472 1380 pro
1491 1301 1661 1366 communi

360 1382 520 1487 imperio,
532 1394 684 1487 privatim
695 1389 752 1457 libi
762 1388 902 1482 quisque
914 1385 1110 1455 servitutem
1125 1381 1356 1478 peperit.Haec
1367 1383 1470 1478 igitur
1483 1384 1665 1461 multitudo
1682 1408 1728 1455 ro

362 1488 508 1581 primum
523 1488 615 1569 malis
629 1486 779 1557 moribus
794 1485 939 1561 imbuta,
950 1478 1073 1548 deinde
1088 1480 1120 1546 in
1136 1499 1219 1547 artes
1232 1478 1404 1569 ,vitasque
1417 1480 1522 1547 varias
1535 1486 1545 1524 ³
1559 1479 1666 1577 dispa-

358 1584 422 1652 lata
435 1633 445 1666 ‚
459 1581 664 1654 nullomodo
678 1578 803 1650 interse
813 1595 998 1669 congruens
1011 1622 1022 1655 ,
1037 1571 1150 1669 paritm
1168 1570 1252 1642 mihi
1273 1575 1412 1665 quidem
1432 1572 1549 1644 idonea
1567 1580 1664 1649 vide-

360 1678 474 1748 turad
485 1676 710 1772 capessendam
735 1670 886 1765 rempub.
906 1669 1098 1751 Caeterum,
1116 1668 1235 1738 additis
1260 1671 1357 1739 novis
1371 1669 1522 1750 civibus,
1546 1694 1662 1768 magna

360 1772 496 1866 mespes
518 1769 706 1851 tenet,sore
724 1815 735 1850 ‚
752 1785 789 1836 ut
809 1787 923 1835 omnes
944 1764 1211 1859 expergiscantur
1224 1763 1265 1832 ad
1291 1764 1477 1835 libertatem
1499 1790 1508 1831 ι
1533 1772 1663 1867 quippe

364 1865 445 1932 eittn
459 1866 523 1934 illis
534 1864 693 1933 libertatis
704 1860 902 1942 retinenda,
915 1881 985 1930 tum
996 1861 1045 1928 bis
1059 1858 1227 1931 servitutis
1239 1859 1429 1929 amittendae
1441 1868 1667 1937 curaotietur.
1683 1896 1697 1942 1
1711 1892 1729 1961 5

358 1957 437 2028 Hor
447 1983 512 2055 ego
524 1956 653 2041 censeo,
667 1958 850 2052 permixtos
863 1978 940 2025 cum
954 1955 1121 2025 veteribus
1137 1976 1255 2034 novos,
1270 1955 1302 2021 in
1316 1954 1456 2025 coloniis
1469 1955 1665 2033 constituas:

357 2052 402 2122 ita
413 2063 446 2126 &
464 2078 517 2125 res
530 2054 676 2124 militaris
686 2052 878 2146 opulentior
900 2052 975 2130 erit,
989 2056 1022 2119 δι
1037 2051 1148 2141 plebes
1160 2050 1258 2117 bonis
1271 2051 1412 2144 negotiis
1431 2051 1586 2141 impedita
1597 2080 1665 2126 nra-

360 2147 432 2218 lum
452 2145 742 2243 publicumsacere
752 2145 888 2215 delinet.
899 2145 963 2214 Sed
976 2168 1043 2213 non
1055 2144 1329 2235 inlcius‚·neque
1355 2146 1547 2237 imprudens
1564 2147 1635 2219 sum
1656 2202 1668 2237 ,

361 2239 438 2309 ciam
450 2268 488 2311 ea
502 2265 551 2312 res
573 2265 691 2337 agetur
701 2266 711 2321 3
720 2265 795 2332 quae
808 2241 940 2321 saeritia,
953 2263 1072 2332 quaeve
1085 2237 1293 2333 tempestates
1306 2240 1483 2308 hominum
1494 2242 1663 2317 nobilium

360 2331 485 2406 suturae
498 2335 661 2419 bonrum
677 2336 937 2430 indignabuntur
949 2337 1056 2405 omnia
1076 2332 1227 2404 funditus
1247 2332 1398 2413 misceri,
1415 2333 1557 2425 antiquis
1577 2342 1661 2411 civi·
1679 2371 1728 2423 20

365 2427 428 2499 bus
444 2437 463 2480 ⁴
476 2430 558 2501 hanc
569 2428 762 2502 servitutem
771 2430 896 2523 imponi
909 2478 919 2510 ,
932 2450 1071 2520 regnum
1085 2427 1231 2517 denique
1245 2449 1287 2496 ex
1304 2426 1406 2495 libera
1423 2428 1559 2498 civitate
1574 2430 1666 2505 futu.

358 2546 436 2593 rum
449 2575 459 2608 ,
470 2526 529 2593 ubi
542 2527 636 2592 unius
645 2546 779 2592 munere
789 2520 973 2591 multitudo
987 2522 1103 2614 ingens
1115 2523 1151 2603 in
1162 2520 1331 2590 civitatem
1342 2524 1546 2611 pervenerit.
1556 2528 1668 2617 Equi.

358 2616 437 2688 dem
446 2643 512 2713 ego
523 2616 566 2685 lic
575 2618 666 2711 apud
679 2619 827 2687 animum
838 2640 952 2687 meum
962 2617 1202 2694 llatu03malum
1215 2611 1345 2681 facinus
1355 2616 1387 2681 in
1398 2613 1430 2681 se
1442 2619 1665 2704 committere,
1777 2670 1780 2677 ι

358 2719 421 2804 qui
434 2712 652 2784 incommodo
661 2712 884 2803 reipgratiam
896 2709 953 2777 fibi
963 2711 1150 2778 conciliet.⁵
1162 2707 1233 2777 Ubi
1245 2705 1371 2776 bonum
1384 2711 1557 2801 publicum
1569 2715 1667 2785 eriam
1737 2754 1740 2759 ·

359 2810 516 2898 privatim
529 2806 602 2873 usui
614 2805 660 2874 est
673 2830 682 2871 ι
695 2807 730 2872 id
744 2806 828 2873 veri>
841 2804 993 2872 dubitare
1008 2799 1144 2894 aggredi
1154 2848 1165 2881 ,
1175 2798 1334 2871 socordior
1346 2806 1595 2898 atquelgnatriae
1605 2808 1671 2881 du.
1686 2840 1731 2909 25

360 2922 414 2969 co.
427 2903 475 2969 Μ.
488 2900 583 2968 Livio
597 2896 611 2934 ⁶
626 2896 744 2966 Druso
757 2895 891 2989 semper
903 2893 1073 2964 confilium
1095 2891 1160 2962 fuit
1178 2940 1188 2972 ‚
1210 2892 1245 2959 in
1268 2896 1433 2964 tribunatu
1456 2898 1578 2966 summi
1599 2925 1667 2997 ope

362 2995 423 3062 niti
438 3017 500 3087 pro
513 2992 684 3060 nobilitate
698 3011 829 3079 :neque
844 2990 945 3057 ullam
962 3010 1031 3055 tem
1046 2989 1078 3054 in
1089 2985 1253 3079 principio
1269 3009 1369 3080 agere
1380 2988 1535 3073 intendit,
1548 2995 1604 3065 nisi
1619 3002 1666 3071 illi

360 3088 512 3156 nudiores
527 3082 732 3154 fierentzsed
752 3085 928 3151 homines⁷
944 3080 1089 3163 saniori,
1113 3081 1236 3171 quibus
1257 3079 1374 3165 dolus,
1396 3105 1496 3173 atque
1520 3092 1668 3179 malitia,

360 3180 429 3250 fide
443 3181 568 3251 cariora
582 3201 672 3250 erant
686 3231 696 3260 ,
709 3178 768 3247 ubi
785 3178 1018 3248 intellexerunt
1032 3227 1041 3257 ,
1056 3199 1116 3271 per
1137 3199 1242 3245 unum
1260 3174 1431 3249 hominem
1444 3180 1456 3220 ⁸
1470 3206 1665 3263 maxumum

327 3356 334 3373 ,
359 3275 561 3347 beneficium
582 3276 692 3346 multis
714 3274 908 3346 mortalibus
917 3273 1007 3354 dari3
1025 3270 1325 3344 videlicet&⁸stbi
1336 3274 1479 3369 quilque
1492 3286 1643 3359 conscius
1655 3337 1667 3373 ,
1683 3315 1733 3387 30

672 3463 1364 3538 INTERPRETATIQ·

363 3657 399 3765 a:
408 3620 694 3781 wigarum
702 3619 882 3779 csqnsciursrsr'
902 3620 931 3683 se
942 3620 993 3702 effe
1011 3621 1106 3683 animo
1127 3621 1303 3706 maluntque
1322 3626 1427 3710 rigido,
1448 3627 1672 3711 exiiiimauerrore

897 3876 1132 3941 NOTAE.

394 4073 405 4110 ι
418 4048 561 4133 Seceffro.]
572 4055 618 4111 De
628 4051 663 4110 iia
674 4049 732 4131 iam
744 4016 839 4133 sapide
846 4049 980 4111 vidimus.
1063 4075 1075 4124 ς
1087 4049 1140 4115 Ubi
1151 4052 1285 4137 bonum]
1298 4059 1416 4121 Ditedb
1423 4057 1546 4130 dixisset,
1556 4059 1608 4127 Ubi
1624 4065 1671 4131 bo·

381 4135 511 4194 adrian.
522 4133 538 4213 ]
552 4134 716 4212 lngeniose‚
727 4133 762 4191 ad
774 4130 921 4190 vitandam
933 4153 996 4191 tau·
1036 4137 1250 4274 namprivarum
1260 4142 1346 4199 etiam
1356 4138 1461 4221 publici
1476 4143 1534 4223 usui
1544 4143 1580 4221 est
1592 4169 1602 4212 ι
1622 4170 1672 4208 ve-

360 4215 502 4295 eologiam
519 4259 529 4284 ,
549 4212 680 4271 Sallustio
697 4212 871 4292 indignam,
897 4216 1000 4271 Douza
1038 4211 1098 4272 nim
1130 4218 1253 4283 oneliiita
1274 4219 1420 4300 exprelIit,
1439 4222 1504 4283 clm
1516 4222 1671 4310 primdpuq

363 4313 417 4373 pro
429 4298 536 4358 armis,
557 4294 638 4353 uniua
655 4294 751 4353 litterae
765 4292 821 4353 levi
840 4294 999 4353 mutatione
1039 4295 1104 4353 blici
1114 4299 1181 4356 boni
1193 4300 1329 4358 rationem
1341 4299 1449 4361 habuit.

364 4374 440 4430 mn
447 4370 579 4460 reposuit.
1056 4375 1207 4459 <sortisti-J
1229 4380 1379 4449 Politicum
1390 4382 1479 4441 vitum
1491 4383 1527 4441 de
1538 4384 1593 4444 illo
1610 4386 1672 4448 Vel-

388 4470 403 4522 3
416 4447 566 4539 Hispalam.
578 4449 630 4520 ]ld
642 4448 680 4508 est
689 4449 840 4533 ,drfperfitr
851 4450 999 4516 etimaliud
1036 4453 1120 4512 leium
1131 4454 1243 4518 adivisse
1251 4480 1426 4541 nequaquam
1438 4463 1555 4541 pigebit.

365 4529 415 4591 alii
429 4547 517 4607 genus
529 4544 589 4584 vrtae
600 4525 790 4605 sequerentur.
1057 4556 1070 4603 7
1081 4532 1222 4618 Faslr'ofi.]
1235 4546 1280 4599 De
1289 4542 1431 4600 nobilibus
1439 4542 1576 4621 loquitur,
1592 4548 1670 4609 item·

368 4631 407 4700 ·4
423 4612 502 4665 Hanc
513 4602 702 4700 servitutem]
724 4612 756 4670 ld
776 4608 885 4678 elbbaec
904 4616 997 4676 omnia
1037 4622 1282 4699 queSenatu,qui
1293 4620 1414 4680 Drusum
1430 4625 1542 4682 Senatui
1561 4624 1609 4707 ipli
1628 4625 1670 4701 fag

364 4705 395 4747 nr
412 4701 553 4779 civitatem
572 4682 679 4754 induci,
696 4704 728 4753 ur
749 4688 884 4758 mersbur
893 4694 997 4760 civibus
1038 4715 1148 4757 ventem
1165 4717 1214 4779 per
1232 4700 1367 4760 invidiam
1384 4699 1582 4781 oppresserunt.

358 4764 701 4849 [mrtmmrmporerrrur.
1060 4776 1592 4860 8Maxumum·]0iritatem‚scilicer.

1428 4865 1476 4925 Ee
1493 4862 1514 4945 ij
